%YAML 1.1
%TAG !u! tag:unity3d.com,2011:
--- !u!1 &7815690181232856613
GameObject:
  m_ObjectHideFlags: 0
  m_CorrespondingSourceObject: {fileID: 0}
  m_PrefabInstance: {fileID: 0}
  m_PrefabAsset: {fileID: 0}
  serializedVersion: 6
  m_Component:
  - component: {fileID: 7439164161169609887}
  - component: {fileID: 2997012552476133277}
  - component: {fileID: 4992144059991118054}
  - component: {fileID: 7349969862299120977}
  - component: {fileID: 7913860895782002123}
  - component: {fileID: 7324381351059496399}
  m_Layer: 0
  m_Name: Bola
  m_TagString: ball
  m_Icon: {fileID: 0}
  m_NavMeshLayer: 0
  m_StaticEditorFlags: 0
  m_IsActive: 1
--- !u!4 &7439164161169609887
Transform:
  m_ObjectHideFlags: 0
  m_CorrespondingSourceObject: {fileID: 0}
  m_PrefabInstance: {fileID: 0}
  m_PrefabAsset: {fileID: 0}
  m_GameObject: {fileID: 7815690181232856613}
  m_LocalRotation: {x: -0, y: -0, z: 1, w: 0}
  m_LocalPosition: {x: 0, y: 0, z: 0}
  m_LocalScale: {x: 1, y: 1, z: 1}
  m_ConstrainProportionsScale: 0
  m_Children:
  - {fileID: 4021504409268392261}
  m_Father: {fileID: 0}
  m_RootOrder: 0
  m_LocalEulerAnglesHint: {x: 0, y: 0, z: 180}
--- !u!114 &2997012552476133277
MonoBehaviour:
  m_ObjectHideFlags: 0
  m_CorrespondingSourceObject: {fileID: 0}
  m_PrefabInstance: {fileID: 0}
  m_PrefabAsset: {fileID: 0}
  m_GameObject: {fileID: 7815690181232856613}
  m_Enabled: 1
  m_EditorHideFlags: 0
  m_Script: {fileID: 11500000, guid: 822bc9090447b9c40833509c4a32e597, type: 3}
  m_Name: 
  m_EditorClassIdentifier: 
  ignoreMe: 0
  body: {fileID: 0}
  hightlightMaterial: {fileID: 0}
  isGrabbable: 1
  CopySettings: {fileID: 0}
  singleHandOnly: 0
  allowHeldSwapping: 1
  instantGrab: 0
  ignoreWeight: 0
  maintainGrabOffset: 0
  parentOnGrab: 1
  throwPower: 1.5
  jointBreakForce: 3500
  showAdvancedSettings: 0
  handType: 0
  grabType: 0
  useGentleGrab: 0
  makeChildrenGrabbable: 1
  pullApartBreakOnly: 1
  customGrabJoint: {fileID: 0}
  ignoreReleaseTime: 0.5
  grabPriorityWeight: 1
  heldPositionOffset: {x: 0, y: 0, z: 0}
  heldRotationOffset: {x: 0, y: 0, z: 0}
  jointedBodies: []
  heldIgnoreColliders: []
  showEvents: 1
  onGrab:
    m_PersistentCalls:
      m_Calls: []
  onRelease:
    m_PersistentCalls:
      m_Calls: []
  showAdvancedEvents: 0
  onSqueeze:
    m_PersistentCalls:
      m_Calls: []
  onUnsqueeze:
    m_PersistentCalls:
      m_Calls: []
  onHighlight:
    m_PersistentCalls:
      m_Calls: []
  onUnhighlight:
    m_PersistentCalls:
      m_Calls: []
  OnJointBreak:
    m_PersistentCalls:
      m_Calls: []
  lockHandOnGrab: 0
--- !u!135 &4992144059991118054
SphereCollider:
  m_ObjectHideFlags: 0
  m_CorrespondingSourceObject: {fileID: 0}
  m_PrefabInstance: {fileID: 0}
  m_PrefabAsset: {fileID: 0}
  m_GameObject: {fileID: 7815690181232856613}
  m_Material: {fileID: 0}
  m_IncludeLayers:
    serializedVersion: 2
    m_Bits: 0
  m_ExcludeLayers:
    serializedVersion: 2
    m_Bits: 0
  m_LayerOverridePriority: 0
  m_IsTrigger: 0
  m_ProvidesContacts: 0
  m_Enabled: 1
  serializedVersion: 3
  m_Radius: 0.106961064
  m_Center: {x: 0, y: 0, z: -0.0000000037252903}
--- !u!54 &7349969862299120977
Rigidbody:
  m_ObjectHideFlags: 0
  m_CorrespondingSourceObject: {fileID: 0}
  m_PrefabInstance: {fileID: 0}
  m_PrefabAsset: {fileID: 0}
  m_GameObject: {fileID: 7815690181232856613}
  serializedVersion: 4
  m_Mass: 10
  m_Drag: 0
  m_AngularDrag: 0.05
  m_CenterOfMass: {x: 0, y: 0, z: 0}
  m_InertiaTensor: {x: 1, y: 1, z: 1}
  m_InertiaRotation: {x: 0, y: 0, z: 0, w: 1}
  m_IncludeLayers:
    serializedVersion: 2
    m_Bits: 0
  m_ExcludeLayers:
    serializedVersion: 2
    m_Bits: 0
  m_ImplicitCom: 1
  m_ImplicitTensor: 1
  m_UseGravity: 1
  m_IsKinematic: 0
  m_Interpolate: 0
  m_Constraints: 0
  m_CollisionDetection: 0
--- !u!114 &7913860895782002123
MonoBehaviour:
  m_ObjectHideFlags: 0
  m_CorrespondingSourceObject: {fileID: 0}
  m_PrefabInstance: {fileID: 0}
  m_PrefabAsset: {fileID: 0}
  m_GameObject: {fileID: 7815690181232856613}
  m_Enabled: 1
  m_EditorHideFlags: 0
  m_Script: {fileID: 11500000, guid: 935aaf7da50abf94697c8d70a7a71efe, type: 3}
  m_Name: 
  m_EditorClassIdentifier: 
  ignoreMe: 0
  instantPull: 1
  grabType: 0
  archMultiplier: 0.6
  gravitationVelocity: 1
  rotate: 1
  rotationSpeed: 1
  ignoreHighlights: 1
  targetedMaterial: {fileID: 0}
  selectedMaterial: {fileID: 0}
  showEvents: 1
  OnPull:
    m_PersistentCalls:
      m_Calls: []
  StartTargeting:
    m_PersistentCalls:
      m_Calls: []
  StopTargeting:
    m_PersistentCalls:
      m_Calls: []
  StartSelecting:
    m_PersistentCalls:
      m_Calls: []
  StopSelecting:
    m_PersistentCalls:
      m_Calls: []
--- !u!114 &7324381351059496399
MonoBehaviour:
  m_ObjectHideFlags: 0
  m_CorrespondingSourceObject: {fileID: 0}
  m_PrefabInstance: {fileID: 0}
  m_PrefabAsset: {fileID: 0}
  m_GameObject: {fileID: 7815690181232856613}
  m_Enabled: 1
  m_EditorHideFlags: 0
  m_Script: {fileID: 11500000, guid: 5143e42808965614a9bb64f4880aaf33, type: 3}
  m_Name: 
  m_EditorClassIdentifier: 
  ignoreMe: 0
  poseEnabled: 1
  poseName: 
  poseIndex: 0
  singleHanded: 0
  showAdvanced: 1
  positionWeight: 1
  rotationWeight: 1
  linkedPoses: []
  showEditorTools: 1
  poseScriptable: {fileID: 0}
  editorHand: {fileID: 0}
  rightPose:
    handOffset: {x: 0, y: 0, z: 0.13899994}
    rotationOffset: {x: 0, y: 0, z: 0}
    localQuaternionOffset: {x: 0.49403238, y: 0.5058973, z: 0.49403238, w: -0.5058973}
    posePositions:
    - {x: -0.024700923, y: -0.030173011, z: -0.016420783}
    - {x: -0.0420796, y: 0.00000004053116, z: -0.0000000667572}
    - {x: -0.03139709, y: 0.000000028610229, z: -0.00000016212464}
    - {x: -0.014, y: 0.0027, z: 0.0001}
    - {x: -0.09321327, y: -0.034050062, z: 0.00014008701}
    - {x: -0.0331067, y: 0.000000085830685, z: 0.00000020623207}
    - {x: -0.029940333, y: 0, z: 0.000000023841856}
    - {x: -0.018, y: -0.0021, z: 0.0021}
    - {x: -0.096640125, y: -0.008566598, z: 0.002615863}
    - {x: -0.038624395, y: 0.000000042915342, z: 0.00000015228986}
    - {x: -0.031118786, y: 0, z: 0.00000006854534}
    - {x: -0.0177, y: -0.0016, z: 0.0013}
    - {x: -0.08924932, y: 0.013058161, z: -0.0017072532}
    - {x: -0.033451367, y: -0.000000023841856, z: 0.00000020980835}
    - {x: -0.026750788, y: -0.000000038146972, z: 0.0000000023841857}
    - {x: -0.0146, y: -0.0016, z: 0.0003}
    - {x: -0.080928504, y: 0.034541752, z: -0.008505775}
    - {x: -0.027588898, y: 0.000000042915342, z: -0.0000000166893}
    - {x: -0.019739967, y: -0.000000028610229, z: 0.00000012397766}
    - {x: -0.01333, y: -0.00103, z: 0.00019}
    poseRotations:
    - {x: 0.73862296, y: -0.31356138, z: 0.5884611, w: -0.09914091}
    - {x: -0.012370326, y: -0.47006753, z: -0.05190532, w: 0.88101614}
    - {x: -0.0033206686, y: -0.24220501, z: -0.01154574, w: 0.97015077}
    - {x: -0.0000061402106, y: -0.0000049649398, z: 0.0000024675394, w: 1}
    - {x: 0.07040118, y: -0.3218921, z: -0.055110537, w: 0.94254553}
    - {x: 0.031608466, y: -0.19997421, z: 0.037317667, w: 0.97857994}
    - {x: 0.00639047, y: -0.07358133, z: 0.008905135, w: 0.997229}
    - {x: -0.0000034403058, y: -0.000003005378, z: -0.000007307157, w: 1}
    - {x: -0.030897591, y: -0.33677778, z: -0.36885196, w: 0.86577964}
    - {x: 0.049644414, y: -0.10883074, z: 0.016244205, w: 0.992687}
    - {x: 0.0018642171, y: 0.02197182, z: 0.0069710515, w: 0.9997326}
    - {x: -0.0000072037797, y: -0.0000022402965, z: -0.0000032116654, w: 1}
    - {x: -0.12884803, y: 0.05640752, z: -0.15346065, w: 0.97809315}
    - {x: -0.00033126769, y: 0.06671702, z: 0.037344586, w: 0.9970728}
    - {x: 0.035008434, y: 0.058341164, z: 0.005403131, w: 0.9976681}
    - {x: -0.0000075772396, y: 0.0000004423782, z: -0.000001301989, w: 1}
    - {x: -0.24657567, y: 0.08341347, z: -0.2230366, w: 0.9394133}
    - {x: 0.025245013, y: 0.02485968, z: 0.046426166, w: 0.9982932}
    - {x: 0.03652061, y: 0.026177457, z: 0.015219117, w: 0.99887407}
    - {x: -0.000008029863, y: 0.0000010747461, z: -0.0000007860363, w: 1}
  rightPoseSet: 1
  leftPose:
    handOffset: {x: 0, y: 0, z: 0.13899994}
    rotationOffset: {x: 0, y: 0, z: 0}
    localQuaternionOffset: {x: 0.49403238, y: -0.5058973, z: -0.49403238, w: -0.5058973}
    posePositions:
    - {x: -0.024700923, y: -0.030173011, z: -0.016420783}
    - {x: -0.0420796, y: 0.00000004053116, z: -0.0000000667572}
    - {x: -0.03139709, y: 0.000000028610229, z: -0.00000016212464}
    - {x: -0.014, y: 0.0027, z: 0.0001}
    - {x: -0.09321327, y: -0.034050062, z: 0.00014008701}
    - {x: -0.0331067, y: 0.000000085830685, z: 0.00000020623207}
    - {x: -0.029940333, y: 0, z: 0.000000023841856}
    - {x: -0.018, y: -0.0021, z: 0.0021}
    - {x: -0.096640125, y: -0.008566598, z: 0.002615863}
    - {x: -0.038624395, y: 0.000000042915342, z: 0.00000015228986}
    - {x: -0.031118786, y: 0, z: 0.00000006854534}
    - {x: -0.0177, y: -0.0016, z: 0.0013}
    - {x: -0.08924932, y: 0.013058161, z: -0.0017072532}
    - {x: -0.033451367, y: -0.000000023841856, z: 0.00000020980835}
    - {x: -0.026750788, y: -0.000000038146972, z: 0.0000000023841857}
    - {x: -0.0146, y: -0.0016, z: 0.0003}
    - {x: -0.080928504, y: 0.034541752, z: -0.008505775}
    - {x: -0.027588898, y: 0.000000042915342, z: -0.0000000166893}
    - {x: -0.019739967, y: -0.000000028610229, z: 0.00000012397766}
    - {x: -0.01333, y: -0.00103, z: 0.00019}
    poseRotations:
    - {x: 0.73862296, y: -0.31356138, z: 0.5884611, w: -0.09914091}
    - {x: -0.012370326, y: -0.47006753, z: -0.05190532, w: 0.88101614}
    - {x: -0.0033206686, y: -0.24220501, z: -0.01154574, w: 0.97015077}
    - {x: -0.0000061402106, y: -0.0000049649398, z: 0.0000024675394, w: 1}
    - {x: 0.07040118, y: -0.3218921, z: -0.055110537, w: 0.94254553}
    - {x: 0.031608466, y: -0.19997421, z: 0.037317667, w: 0.97857994}
    - {x: 0.00639047, y: -0.07358133, z: 0.008905135, w: 0.997229}
    - {x: -0.0000034403058, y: -0.000003005378, z: -0.000007307157, w: 1}
    - {x: 0.03045816, y: -0.35075822, z: -0.24907458, w: 0.902221}
    - {x: 0.07807552, y: -0.16594903, z: 0.006200255, w: 0.9830192}
    - {x: 0.0018642171, y: 0.02197182, z: 0.0069710515, w: 0.9997326}
    - {x: -0.0000072037797, y: -0.0000022402965, z: -0.0000032116654, w: 1}
    - {x: -0.12884803, y: 0.05640752, z: -0.15346065, w: 0.97809315}
    - {x: -0.00033126769, y: 0.06671702, z: 0.037344586, w: 0.9970728}
    - {x: 0.035008434, y: 0.058341164, z: 0.005403131, w: 0.9976681}
    - {x: -0.0000075772396, y: 0.0000004423782, z: -0.000001301989, w: 1}
    - {x: -0.24657567, y: 0.08341347, z: -0.2230366, w: 0.9394133}
    - {x: 0.025245013, y: 0.02485968, z: 0.046426166, w: 0.9982932}
    - {x: 0.03652061, y: 0.026177457, z: 0.015219117, w: 0.99887407}
    - {x: -0.000008029863, y: 0.0000010747461, z: -0.0000007860363, w: 1}
  leftPoseSet: 1
--- !u!1001 &3478460655892264622
PrefabInstance:
  m_ObjectHideFlags: 0
  serializedVersion: 2
  m_Modification:
    serializedVersion: 3
    m_TransformParent: {fileID: 7439164161169609887}
    m_Modifications:
    - target: {fileID: -8679921383154817045, guid: 436d4b732e1fce545b07eee346418831, type: 3}
      propertyPath: m_RootOrder
      value: 0
      objectReference: {fileID: 0}
    - target: {fileID: -8679921383154817045, guid: 436d4b732e1fce545b07eee346418831, type: 3}
      propertyPath: m_LocalPosition.x
      value: -0
      objectReference: {fileID: 0}
    - target: {fileID: -8679921383154817045, guid: 436d4b732e1fce545b07eee346418831, type: 3}
      propertyPath: m_LocalPosition.y
      value: 0
      objectReference: {fileID: 0}
    - target: {fileID: -8679921383154817045, guid: 436d4b732e1fce545b07eee346418831, type: 3}
      propertyPath: m_LocalPosition.z
      value: 0
      objectReference: {fileID: 0}
    - target: {fileID: -8679921383154817045, guid: 436d4b732e1fce545b07eee346418831, type: 3}
      propertyPath: m_LocalRotation.w
      value: 1
      objectReference: {fileID: 0}
    - target: {fileID: -8679921383154817045, guid: 436d4b732e1fce545b07eee346418831, type: 3}
      propertyPath: m_LocalRotation.x
      value: 0
      objectReference: {fileID: 0}
    - target: {fileID: -8679921383154817045, guid: 436d4b732e1fce545b07eee346418831, type: 3}
      propertyPath: m_LocalRotation.y
      value: -0
      objectReference: {fileID: 0}
    - target: {fileID: -8679921383154817045, guid: 436d4b732e1fce545b07eee346418831, type: 3}
      propertyPath: m_LocalRotation.z
      value: -0
      objectReference: {fileID: 0}
    - target: {fileID: -8679921383154817045, guid: 436d4b732e1fce545b07eee346418831, type: 3}
      propertyPath: m_LocalEulerAnglesHint.x
      value: 0
      objectReference: {fileID: 0}
    - target: {fileID: -8679921383154817045, guid: 436d4b732e1fce545b07eee346418831, type: 3}
      propertyPath: m_LocalEulerAnglesHint.y
      value: 0
      objectReference: {fileID: 0}
    - target: {fileID: -8679921383154817045, guid: 436d4b732e1fce545b07eee346418831, type: 3}
      propertyPath: m_LocalEulerAnglesHint.z
      value: 0
      objectReference: {fileID: 0}
    - target: {fileID: 919132149155446097, guid: 436d4b732e1fce545b07eee346418831, type: 3}
      propertyPath: m_Name
      value: Ball
      objectReference: {fileID: 0}
    m_RemovedComponents: []
    m_RemovedGameObjects: []
    m_AddedGameObjects: []
    m_AddedComponents: []
  m_SourcePrefab: {fileID: 100100000, guid: 436d4b732e1fce545b07eee346418831, type: 3}
--- !u!4 &4021504409268392261 stripped
Transform:
  m_CorrespondingSourceObject: {fileID: -8679921383154817045, guid: 436d4b732e1fce545b07eee346418831, type: 3}
  m_PrefabInstance: {fileID: 3478460655892264622}
  m_PrefabAsset: {fileID: 0}
